<record><leader>00000cas a22000007a 4500</leader><controlfield tag="001">19219541</controlfield><controlfield tag="008">890215d18921893iduwr ne      0    0eng d</controlfield><datafield ind1=" " ind2=" " tag="010"><subfield code="a">sn 89055042 </subfield></datafield><datafield ind1=" " ind2=" " tag="040"><subfield code="a">NVB</subfield><subfield code="b">eng</subfield><subfield code="c">NVB</subfield><subfield code="d">OCLCQ</subfield><subfield code="d">OCLCF</subfield><subfield code="d">OCLCO</subfield></datafield><datafield ind1=" " ind2=" " tag="042"><subfield code="a">msc</subfield></datafield><datafield ind1=" " ind2=" " tag="043"><subfield code="a">n-us-id</subfield></datafield><datafield ind1="0" ind2="4" tag="245"><subfield code="a">The Pend d'Oreille news.</subfield></datafield><datafield ind1=" " ind2=" " tag="260"><subfield code="a">Sandpoint, Idaho :</subfield><subfield code="b">Faust &amp; Miniely</subfield></datafield><datafield ind1=" " ind2=" " tag="300"><subfield code="a">v.</subfield></datafield><datafield ind1=" " ind2=" " tag="310"><subfield code="a">Weekly</subfield></datafield><datafield ind1="1" ind2=" " tag="362"><subfield code="a">Began with Feb. 6, 1892 issue.</subfield></datafield><datafield ind1="0" ind2=" " tag="362"><subfield code="a">-v. 2, no. 13 (Apr. 29, 1893).</subfield></datafield><datafield ind1=" " ind2=" " tag="588"><subfield code="a">Description based on: Vol. 1, no. 2 (Feb 13, 1892).</subfield></datafield><datafield ind1=" " ind2="0" tag="651"><subfield code="a">Sandpoint (Idaho)</subfield><subfield code="v">Newspapers.</subfield></datafield><datafield ind1=" " ind2="7" tag="655"><subfield code="a">Newspapers.</subfield><subfield code="2">fast</subfield><subfield code="0">(OCoLC)fst01423814</subfield></datafield><datafield ind1=" " ind2="7" tag="651"><subfield code="a">Idaho</subfield><subfield code="z">Sandpoint.</subfield><subfield code="2">fast</subfield><subfield code="0">(OCoLC)fst01210765</subfield></datafield><datafield ind1=" " ind2=" " tag="752"><subfield code="a">United States</subfield><subfield code="b">Idaho</subfield><subfield code="c">Kootenai</subfield><subfield code="d">Sandpoint.</subfield></datafield><datafield ind1=" " ind2=" " tag="752"><subfield code="a">United States</subfield><subfield code="b">Idaho</subfield><subfield code="c">Bonner</subfield><subfield code="d">Sandpoint.</subfield></datafield></record>